<record><leader>00000cas a22000007a 4500</leader><controlfield tag="001">10343169</controlfield><controlfield tag="008">840126d19831984mnuwn ne      0   a0eng d</controlfield><datafield ind1=" " ind2=" " tag="010"><subfield code="a">sn 90059924 </subfield></datafield><datafield ind1=" " ind2=" " tag="040"><subfield code="a">MHL</subfield><subfield code="b">eng</subfield><subfield code="c">MHL</subfield><subfield code="d">NSD</subfield><subfield code="d">MN#</subfield><subfield code="d">OCLCQ</subfield><subfield code="d">OCLCF</subfield><subfield code="d">OCLCO</subfield></datafield><datafield ind1="1" ind2=" " tag="029"><subfield code="a">AU@</subfield><subfield code="b">000025897801</subfield></datafield><datafield ind1=" " ind2=" " tag="042"><subfield code="a">msc</subfield></datafield><datafield ind1=" " ind2=" " tag="043"><subfield code="a">n-us-mn</subfield></datafield><datafield ind1=" " ind2=" " tag="052"><subfield code="a">4144</subfield><subfield code="b">M5</subfield></datafield><datafield ind1="0" ind2=" " tag="130"><subfield code="a">Finance and commerce (Minneapolis, Minn. : Court of Appeals ed.)</subfield></datafield><datafield ind1="1" ind2="0" tag="245"><subfield code="a">Finance and commerce.</subfield></datafield><datafield ind1=" " ind2=" " tag="250"><subfield code="a">Court of Appeals ed.</subfield></datafield><datafield ind1=" " ind2=" " tag="260"><subfield code="a">Minneapolis, Minn. :</subfield><subfield code="b">Credit Pub. Co.,</subfield><subfield code="c">1983-1984.</subfield></datafield><datafield ind1=" " ind2=" " tag="300"><subfield code="a">v.</subfield></datafield><datafield ind1=" " ind2=" " tag="310"><subfield code="a">Weekly during Appeals Court terms</subfield></datafield><datafield ind1="0" ind2=" " tag="362"><subfield code="a">92nd year (Dec. 7, 1983)-92nd year (July 27, 1984).</subfield></datafield><datafield ind1=" " ind2=" " tag="530"><subfield code="a">Available on microfilm from the Minnesota Historical Society.</subfield></datafield><datafield ind1="1" ind2="0" tag="610"><subfield code="a">Minnesota.</subfield><subfield code="b">Court of Appeals</subfield><subfield code="v">Periodicals.</subfield></datafield><datafield ind1=" " ind2="0" tag="650"><subfield code="a">Criminal law</subfield><subfield code="z">Minnesota</subfield><subfield code="v">Cases.</subfield></datafield><datafield ind1=" " ind2="0" tag="650"><subfield code="a">Civil law</subfield><subfield code="z">Minnesota</subfield><subfield code="v">Cases.</subfield></datafield><datafield ind1=" " ind2="7" tag="655"><subfield code="a">Periodicals.</subfield><subfield code="2">fast</subfield><subfield code="0">(OCoLC)fst01411641</subfield></datafield><datafield ind1=" " ind2="7" tag="655"><subfield code="a">Trials, litigation, etc.</subfield><subfield code="2">fast</subfield><subfield code="0">(OCoLC)fst01423712</subfield></datafield><datafield ind1="1" ind2="7" tag="610"><subfield code="a">Minnesota.</subfield><subfield code="b">Court of Appeals.</subfield><subfield code="2">fast</subfield><subfield code="0">(OCoLC)fst00637465</subfield></datafield><datafield ind1=" " ind2="7" tag="650"><subfield code="a">Civil law.</subfield><subfield code="2">fast</subfield><subfield code="0">(OCoLC)fst00862544</subfield></datafield><datafield ind1=" " ind2="7" tag="650"><subfield code="a">Criminal law.</subfield><subfield code="2">fast</subfield><subfield code="0">(OCoLC)fst00883328</subfield></datafield><datafield ind1=" " ind2="7" tag="651"><subfield code="a">Minnesota.</subfield><subfield code="2">fast</subfield><subfield code="0">(OCoLC)fst01204560</subfield></datafield><datafield ind1="0" ind2=" " tag="775"><subfield code="t">Finance and commerce (Minneapolis, Minn.)</subfield><subfield code="w">(DLC)sn 85000255</subfield></datafield><datafield ind1="0" ind2=" " tag="775"><subfield code="t">Finance and commerce (Minneapolis, Minn. : Supreme Court ed.)</subfield><subfield code="w">(DLC)sn 90059962</subfield></datafield><datafield ind1="0" ind2="7" tag="785"><subfield code="t">Finance and commerce (Minneapolis, Minn. : Supreme Court ed.)</subfield><subfield code="w">(DLC)sn 90059962</subfield></datafield><datafield ind1="0" ind2="7" tag="785"><subfield code="t">Finance and commerce (Minneapolis, Minn. : Civil appellate ed.)</subfield><subfield code="w">(DLC)sn 85000257</subfield></datafield></record>